@article{bingham2019pyro,
  title={Pyro: Deep universal probabilistic programming},
  author={Bingham, Eli and Chen, Jonathan P and Jankowiak, Martin and Obermeyer, Fritz and Pradhan, Neeraj and Karaletsos, Theofanis and Singh, Rohit and Szerlip, Paul and Horsfall, Paul and Goodman, Noah D},
  journal={The Journal of Machine Learning Research},
  volume={20},
  number={1},
  pages={973--978},
  year={2019},
  publisher={JMLR. org},
}

@misc{aksamentov2020nextclade,
  title={Nextclade},
  author={Aksamentov, Ivan and Neher, Richard},
  url={https://github.com/nextstrain/nextclade},
}

@inproceedings{gorinova2020automatic,
  title={Automatic reparameterisation of probabilistic programs},
  author={Gorinova, Maria and Moore, Dave and Hoffman, Matthew},
  booktitle={International Conference on Machine Learning},
  pages={3648--3657},
  year={2020},
  organization={PMLR},
}

@inproceedings{paszke2017automatic,
  title={Automatic differentiation in PyTorch},
  author={Paszke, Adam and Gross, Sam and Chintala, Soumith and Chanan, Gregory and Yang, Edward and DeVito, Zachary and Lin, Zeming and Desmaison, Alban and Antiga, Luca and Lerer, Adam},
  booktitle={NIPS-W},
  year={2017},
}

